<collection xmlns="http://www.loc.gov/MARC21/slim">
<record>
  <leader>00334na 0a22000851i 450 </leader>
  <controlfield tag="001">IT\ICCU\CNCE\057432</controlfield>
  <controlfield tag="005">20040415000000.0</controlfield>
  <datafield tag="100" ind1=" " ind2=" ">
    <subfield code="a">20040415             0itac0103    ba</subfield>
  </datafield>
  <datafield tag="200" ind1="1" ind2=" ">
    <subfield code="a">Libellum de caluaria siue cranii cranei ue fractura, secundo loco impressum, ab eodemque authore reuisum additis nonnullis Hip. sententiis ...</subfield>
  </datafield>
  <datafield tag="801" ind1=" " ind2="3">
    <subfield code="a">IT</subfield>
    <subfield code="b">ICCU</subfield>
    <subfield code="c">20201115</subfield>
  </datafield>
</record>
</collection>
